<record><leader>00000cas a22000007a 4500</leader><controlfield tag="001">19584570</controlfield><controlfield tag="008">890422d18401841mducr ne      0    0eng d</controlfield><datafield ind1=" " ind2=" " tag="010"><subfield code="a">sn 89060077 </subfield></datafield><datafield ind1=" " ind2=" " tag="040"><subfield code="a">MFN</subfield><subfield code="b">eng</subfield><subfield code="c">MFN</subfield><subfield code="d">OCLCQ</subfield></datafield><datafield ind1=" " ind2=" " tag="042"><subfield code="a">msc</subfield></datafield><datafield ind1="0" ind2=" " tag="130"><subfield code="a">Madisonian (Bel Air, Md.)</subfield></datafield><datafield ind1="1" ind2="4" tag="245"><subfield code="a">The Madisonian.</subfield></datafield><datafield ind1=" " ind2=" " tag="260"><subfield code="a">Bel-Air, Harford County, Md. :</subfield><subfield code="b">George Keatinge</subfield></datafield><datafield ind1=" " ind2=" " tag="300"><subfield code="a">v.</subfield></datafield><datafield ind1=" " ind2=" " tag="310"><subfield code="a">Semiweekly</subfield></datafield><datafield ind1="1" ind2=" " tag="362"><subfield code="a">Began in 1840; ceased in 1841?</subfield></datafield><datafield ind1=" " ind2=" " tag="588"><subfield code="a">Description based on: Vol. 5, no. 5 (Oct. 10, 1840).</subfield></datafield><datafield ind1=" " ind2=" " tag="752"><subfield code="a">United States</subfield><subfield code="b">Maryland</subfield><subfield code="c">Harford</subfield><subfield code="d">Bel Air.</subfield></datafield><datafield ind1="0" ind2="0" tag="780"><subfield code="t">Madisonian and Harford and Baltimore advertiser</subfield><subfield code="w">(DLC)sn 89060076</subfield></datafield><datafield ind1="0" ind2="0" tag="785"><subfield code="t">Madisonian, and Harford County advertiser</subfield><subfield code="w">(DLC)sn 89060078</subfield></datafield></record>